creationDate,orderId,name,price,listPrice,quantity,productId,seller,data_extracao
2025-12-29 21:48:12,1587131147652-02,Pente Fino Zhalinger,2349,2349,1,1208370,farmaconde,2025-12-29 22:01:30
2025-12-29 21:48:12,1587131147652-01,Desodorante Rexona Aero 250ml Men Antibacteriano+Invisible LV+ PG- DES REXONA AERO 250ML MEN ANTIBACTERIAL+,2059,2699,1,732081,farmaciaindiana,2025-12-29 22:01:31
2025-12-29 21:39:52,1587131147614-01,Smartwatch Positivo Watch Essential IP68 até 10 dias de Bateria Tela IPS Monitoramento 1.83” - Preto,16900,49900,1,856218,lojapositivo,2025-12-29 22:01:31
2025-12-29 21:33:38,1587131147609-01,Relógio Masculino Curren 8275 À Prova D'Água Rosa,24426,24426,1,1458250,webcontinentalmktplace,2025-12-29 22:01:31
2025-12-29 21:27:02,1587121147607-01,Ventilador De Teto Tron Pera New 3 Pás Branco 110V,21899,21899,1,2480248,webcontinentalmktplace,2025-12-29 22:01:31
2025-12-29 21:25:43,1587121147606-01,Jogo de Cama Chevron Queen Lar E Lazer Preto UN,6999,11499,1,1631709,rovitex,2025-12-29 22:01:31
2025-12-29 21:17:31,1587121147604-01,Air Fryer Britânia 5L Antiaderente Gold 1500W BAF45A 220V,25990,42990,1,1367850,Philco,2025-12-29 22:01:32
2025-12-29 21:13:50,1587121147601-01,Ventilador de Coluna Britânia BVT450 Maxx Force 160W 127V,18990,36990,1,155224,Philco,2025-12-29 22:01:32
2025-12-29 21:10:02,1587121147596-01,Cafeteira Elétrica Gournet 15 Xícaras 127V 675W Preta Elgin,8913,8913,1,1044766,webcontinentalmktplace,2025-12-29 22:01:32
2025-12-29 21:02:54,1587121147589-02,CHALEIRA ELETRICA INOX 127V 1.8L ST-HG18 3366 BEST,4990,8999,1,1723524,minipreco,2025-12-29 22:01:32
2025-12-29 21:02:54,1587121147589-01,Sanduicheira E Grill HQ 750w Antiaderente Preto 110V,6500,6500,1,2302871,webcontinentalmktplace,2025-12-29 22:01:32
2025-12-29 20:55:45,1587121147588-01,Liquidificador Britânia Diamante Preto 900W 220V,9990,21990,1,1911,Philco,2025-12-29 22:01:32
2025-12-29 20:55:32,1587121147587-01,Ventilador de mesa 40cm mondial super turbo vtx-40-8p 8 pás 3 velocidades preto,18991,22040,1,2044915,loyalt,2025-12-29 22:01:33
2025-12-29 20:55:32,1587121147587-01,Eucerin anti-pigment clareador sérum facial ultraleve,25637,28990,1,2064546,loyalt,2025-12-29 22:01:33
2025-12-29 20:50:45,1587121147584-01,Conjunto de travessas refratárias marinex em vidro - 10 peças,11990,13900,1,2135902,loyalt,2025-12-29 22:01:33
2025-12-29 20:50:45,1587121147584-02,Cafeteira Philco PCFE01 600ml 15 Cafezinhos 550W 220V,11990,17990,1,576462,Philco,2025-12-29 22:01:33
2025-12-29 20:43:49,1587121147583-01,Lixadeira Philco PLO01 Com Bocal Para Sucção de Sujeira 127V,15990,26990,1,1627,Philco,2025-12-29 22:01:33
2025-12-29 20:43:01,1587121147582-01,Air Fryer Oven Electrolux por Rita Lobo 12L Digital Grafite Experience 1700W (EAF85) 220V,62990,87990,1,1804776,electrolux,2025-12-29 22:01:33
2025-12-29 20:36:53,1587121147581-01,"Celular motorola moto g15 tela 6.7"" 256gb 4g câmera 50mp grafite",79800,111000,1,2137850,loyalt,2025-12-29 22:01:33
2025-12-29 20:24:21,1587111147577-01,Forno Elétrico Britânia BFE41P 36L 1500W 127V,32990,39590,1,125563,webcontinentalmktplace,2025-12-29 22:01:34
2025-12-29 20:22:12,1587111147576-01,Climatizador Britânia 4 em 1 Autonomia de 26h BCL05A 127V,50990,52990,1,1268197,Philco,2025-12-29 22:01:34
2025-12-29 20:15:03,1587111147573-01,Aspirador Pó e Água Electrolux 1400w 18L Smart com Função Sopro Cinza (A10N1) 220V,24990,27990,1,1108011,electrolux,2025-12-29 22:01:34
2025-12-29 20:10:26,1587111147571-01,AR COND JANELA MECANICO SPRINGER 7500 BTU FR 127V UN (QCK078BB),187264,187264,1,830505,webcontinental,2025-12-29 22:01:34
2025-12-29 19:55:54,1587111147568-01,Caixa de Som Amplificada Philco 1350W Bluetooth V5.3 PCX7200 Bivolt,93990,131990,1,864870,Philco,2025-12-29 22:01:34
2025-12-29 19:40:30,1587111147558-01,Lava-Louça Electrolux 8 Serviços Inox com Programa Lava & Seca 50 min (LS08E) 127V,219900,219900,1,1565073,electrolux,2025-12-29 22:01:35
2025-12-29 19:36:44,1587111147557-01,Ventilador de Coluna Britânia BVT450 Maxx Force 160W 127V,18990,36990,3,155224,Philco,2025-12-29 22:01:35
2025-12-29 19:31:26,1587111147554-01,Fogao Braslar 4 Bcs Sirius 2023 Preto,51990,51990,1,1424443,webcontinentalmktplace,2025-12-29 22:01:35
2025-12-29 19:29:45,1587101147553-01,Panela de Pressão Elétrica Electrolux por Rita Lobo 3L Preta Efficient c/ Timer (PCE15) 220V,35990,54990,1,1108189,electrolux,2025-12-29 22:01:35
2025-12-29 19:23:44,1587101147552-01,Purificador De Água Natural E Gelada Philco PPU12C1 Cinza Bivolt,64990,64990,1,2156497,webcontinentalmktplace,2025-12-29 22:01:35
2025-12-29 19:22:27,1587101147551-01,Ventilador de Coluna Britânia BVT450 Maxx Force 160W 127V,18990,36990,1,155224,Philco,2025-12-29 22:01:35
2025-12-29 19:20:40,1587101147550-01,Panela de Pressão Elétrica Electrolux por Rita Lobo 3L Preta Efficient c/ Timer (PCE15) 127V,35990,54990,1,1108189,electrolux,2025-12-29 22:01:35
2025-12-29 19:18:06,1587101147547-03,Desodorante Rexona Women Powder Antitranspirante Roll On 30ml DES REXONA ROLL-ON 30ML POWDER DRY,725,738,1,729041,pensefarma,2025-12-29 22:01:36
2025-12-29 19:18:06,1587101147547-03,Desodorante Aerosol Rexona All Body Wild Rose 150ml,2193,2234,1,2304936,pensefarma,2025-12-29 22:01:36
2025-12-29 19:18:06,1587101147547-02,Desodorante Rexona Roll-On 50g Crystal/Invisible DES REXONA ROLL-ON 50G CRYSTAL/INVISIB,990,1099,1,725742,farmaciaindiana,2025-12-29 22:01:36
2025-12-29 19:18:06,1587101147547-01,"Cetoconazol 20mg + Dipropionato de Betametasona 0,5mg Medley Genérico Pomada Dermatológica 30g",1399,3060,1,1198578,farmaconde,2025-12-29 22:01:36
2025-12-29 19:09:54,1587101147546-01,Armário Multiuso 2 Portas Florença Aramóveis Atacama/Off White S/V,29990,37990,1,535385,multilojaonline,2025-12-29 22:01:36
2025-12-29 19:06:41,1587101147545-01,Impressora Multifuncional HP Deskjet Ink Advantaje 2874 Preto Bivolt,55990,58990,1,743363,multilojaonline,2025-12-29 22:01:36
2025-12-29 18:59:24,1587101147543-01,Sanduicheira Elétrica Cadence Click 110V,10990,12490,1,1777975,webcontinentalmktplace,2025-12-29 22:01:36
2025-12-29 18:53:35,1587101147542-01,"Purificador de Água electrolux pe12p experience pure 4x, digital, bivolt – preto",72040,84900,1,2046190,loyalt,2025-12-29 22:01:37
2025-12-29 18:48:08,1587101147540-01,Multiprocessador de alimentos Oster Black 4 em 1 OMPR851 220V,37990,53490,1,825822,webcontinentalmktplace,2025-12-29 22:01:37
2025-12-29 18:44:24,1587101147539-01,Pochete Esportiva Corrida Slim Impermeável Ajuste Na Cintura Saída Para Fone De Ouvido Preto,2691,2691,1,2409038,webcontinentalmktplace,2025-12-29 22:01:37
2025-12-29 18:42:48,1587101147538-01,Jogo De Panelas Antiaderentes 6 Peças Indução Ceramic Life Botanika Brinox - Verde Verde,68420,68420,1,1056696,webcontinentalmktplace,2025-12-29 22:01:37
2025-12-29 18:30:50,1587101147534-01,"Liquidificador mondial power l-550 1,9l 550w 2 velocidades pulsar preto",6990,8990,1,2045329,loyalt,2025-12-29 22:01:37
2025-12-29 18:29:32,1587091147533-01,Guarda-Roupa Solteiro Madesa Denver 2 Portas de Correr com Espelho Cor:Rustic/Branco,75999,116990,1,3177,madesacms,2025-12-29 22:01:38
2025-12-29 18:25:26,1587091147531-01,Ventilador Britânia 2 em 1 BVT400 Maxx Force 150W 127V,13490,20990,1,155222,Philco,2025-12-29 22:01:38
2025-12-29 18:22:07,1587091147527-01,Relogio Feminino Preto Aço + Caixa Social Garantia Presente Inoxidável Black Piano Delicado,7746,7746,1,2255451,webcontinentalmktplace,2025-12-29 22:01:38
2025-12-29 18:20:41,1587091147526-01,Ventilador Philco PVT490 Turbo Maxx Force 160W 220V,17990,21990,1,1429,Philco,2025-12-29 22:01:38
2025-12-29 18:08:49,1587091147523-01,Aparador Cortador De Grama Gramado Planta Sem Fio Portatil Jardim Quintal Limpeza Domestico,31780,31780,1,1308702,webcontinentalmktplace,2025-12-29 22:01:38
2025-12-29 17:59:15,1587091147522-01,Poltrona Do Papai Reclinável Turin - Preto Corino,56692,56692,1,1294604,webcontinentalmktplace,2025-12-29 22:01:38
2025-12-29 17:59:05,1587091147521-01,Tablet Positivo Vision TAB 7 3GB RAM 128GB Octa-Core Android 14 Go Wi-Fi - Tela 7” IPS – 3100mAh – Preto,47900,79900,1,867182,lojapositivo,2025-12-29 22:01:38
2025-12-29 17:55:24,1587091147520-01,Ventilador Britânia 2 em 1 BVT400 Maxx Force 150W 127V,13490,20990,1,155222,Philco,2025-12-29 22:01:38
2025-12-29 17:34:27,1587091147516-01,Chaleira Elétrica 1.8 Litros com Jarra de Vidro  Multi - BE040 BE040,14990,14990,1,94293,compreja,2025-12-29 22:01:39
2025-12-29 17:33:50,1587091147515-01,Ventilador Britânia BVT301 Tecnologia Maxx Force 60W 127V,9490,19990,1,155335,Philco,2025-12-29 22:01:39
2025-12-29 17:30:16,1587091147513-01,Ventilador Britânia BVT491 Tecnologia Maxx Force 174W 127V,19990,25990,1,268610,Philco,2025-12-29 22:01:40
2025-12-29 17:30:01,1587091147512-01,"Chaleira Elétrica Philco PCH23PI Inox 2,3L 127V",12990,16990,1,398599,Philco,2025-12-29 22:01:40
2025-12-29 17:22:45,1587081147510-01,Ventilador Britânia BVT301 Tecnologia Maxx Force 60W 127V,9490,19990,1,155335,Philco,2025-12-29 22:01:40
2025-12-29 17:15:52,1587081147505-01,Jogo De Cama Chevron solteiro Lar E Lazer Rosa UN,4999,6999,1,1628737,rovitex,2025-12-29 22:01:40
2025-12-29 17:15:52,1587081147505-01,Jogo De Cama Queen Coração 4 Peças Lar E Lazer Rosa UN,6999,12999,1,2120716,rovitex,2025-12-29 22:01:40
2025-12-29 17:14:13,1587081147503-01,Conjunto de travessas refratárias marinex em vidro - 10 peças,11990,13900,1,2135902,loyalt,2025-12-29 22:01:40
2025-12-29 17:01:09,1587081147498-01,Ferro De Passar A Vapor Oster Antiaderente Verde 220V,8790,11990,1,1778126,webcontinentalmktplace,2025-12-29 22:01:40
2025-12-29 16:59:40,1587081147497-01,Micro-ondas 33L Philco Teclas Fáceis e Limpa Fácil 1400W PM36 220V,54990,73990,1,861706,Philco,2025-12-29 22:01:40
2025-12-29 16:58:46,1587081147496-01,Micro-ondas Electrolux 27L Branco com 55 receitas pré-programadas e Função Tira Odor (MB37R) 220V,69900,69900,1,1107979,electrolux,2025-12-29 22:01:41
2025-12-29 16:54:01,1587081147495-01,Ferro De Passar Oster 2 Em 1 Sem Fio 110V,28990,31990,1,1786409,webcontinentalmktplace,2025-12-29 22:01:41
2025-12-29 16:50:35,1587081147491-03,Aerolin 100mcg/dose spray 200 doses,2452,2690,1,150149,pensefarma,2025-12-29 22:01:41
2025-12-29 16:50:35,1587081147491-02,Desodorante Rexona Aero 250ml Men Antibacteriano+Invisible LV+ PG- DES REXONA AERO 250ML MEN ANTIBACTERIAL+,2059,2699,2,732081,farmaciaindiana,2025-12-29 22:01:41
2025-12-29 16:50:35,1587081147491-01,Barbeador Elétrico Profissional Dragão Buda Aparador,2499,2499,1,1232307,webcontinentalmktplace,2025-12-29 22:01:41
2025-12-29 16:48:05,1587081147490-01,Ventilador de Coluna Britânia BVT451 Maxx Force 170W 127V,23990,28990,1,155439,Philco,2025-12-29 22:01:41
2025-12-29 16:39:22,1587081147489-01,Ventilador Britânia BVT301 Tecnologia Maxx Force 60W 127V,9490,19990,2,155335,Philco,2025-12-29 22:01:42
2025-12-29 16:34:46,1587081147488-01,Sanduicheira Elétrica Cadence Click 110V,10990,12490,1,1777975,webcontinentalmktplace,2025-12-29 22:01:42
2025-12-29 16:26:27,1587071147484-01,CAIXA ORGANIZADORA ALTA FLEX 29L SR941-84 SANREMO,2990,4499,3,1268005,minipreco,2025-12-29 22:01:42
2025-12-29 16:26:27,1587071147484-02,Caixa Plastica Organizadora Transparente Grande 50 Litros - Plasvale Transparente,10090,10090,1,1832169,webcontinentalmktplace,2025-12-29 22:01:42
2025-12-29 16:24:48,1587071147483-01,Conjunto Sala de Jantar Mesa Tampo de Vidro 8 Cadeiras Rustic/Preto Justine Madesa Cor:Rustic/Preto/Sintético Preto,157999,157999,1,1512084,webcontinentalmktplace,2025-12-29 22:01:42
2025-12-29 16:23:04,1587071147482-01,Sanduicheira e Grill Britânia BGR27I Press 2 em 1 850W 127V,9990,21990,1,7570,Philco,2025-12-29 22:01:43
2025-12-29 16:22:10,1587071147479-01,Ventilador Britânia BVT500 2 em 1 Maxx Force 6 Pás 176W 127V,15990,30990,1,155435,Philco,2025-12-29 22:01:43
2025-12-29 16:21:33,1587071147478-01,Ventilador Britânia BVT301 Tecnologia Maxx Force 60W 127V,9490,19990,2,155335,Philco,2025-12-29 22:01:43
2025-12-29 16:15:31,1587071147474-01,Ventilador De Teto Silencioso 3 Velocidades Luminária Led Controle Remoto Bivolt,17900,17900,1,1207961,webcontinentalmktplace,2025-12-29 22:01:43
2025-12-29 16:12:33,1587071147472-01,"Esmalte Impala Cremoso Preto 7,5ml",494,503,9,1185264,pensefarma,2025-12-29 22:01:43
2025-12-29 16:03:37,1587071147469-01,Mochila Infantil Menino,2990,7990,1,787070,minipreco,2025-12-29 22:01:44
2025-12-29 15:44:50,1587071147467-01,Cooktop Atlas 5 Bocas Ágile Up Mesa de Vidro Preto Bivolt,39990,49990,1,1965338,multilojaonline,2025-12-29 22:01:44
2025-12-29 15:29:47,1587061147464-01,Ventilador de Coluna Britânia BVT450 Maxx Force 160W 127V,18990,36990,1,155224,Philco,2025-12-29 22:01:44
2025-12-29 15:17:56,1587061147461-01,Balança Digital Inteligente com Bioimpedância Multi - HC900 HC900,8990,15490,1,125222,compreja,2025-12-29 22:01:44
2025-12-29 15:11:22,1587061147456-01,Ventilador Britânia BVT301 Tecnologia Maxx Force 60W 127V,9490,19990,1,155335,Philco,2025-12-29 22:01:45
2025-12-29 15:04:42,1587061147453-01,POTE EVERYDAY RETANGULAR 220ML 3704T MB,199,199,1,1555753,minipreco,2025-12-29 22:01:45
2025-12-29 14:58:00,1587061147450-02,"Positivo Vision Tab 10 com Capa Teclado 4GB RAM 128GB 5+13MP 6000mAh 10.1"" HD Wifi AC e 4G - Preto",99900,149900,1,313923,lojapositivo,2025-12-29 22:01:45
2025-12-29 14:58:00,1587061147450-01,Climatizador Ventisol CLIN16-01 16 Litros 130W 110V,53823,53823,1,2464590,webcontinentalmktplace,2025-12-29 22:01:45
2025-12-29 14:51:14,1587061147448-01,Conjunto Sala de Jantar Madesa Talita Mesa Tampo de Madeira com 4 Cadeiras Cor:Rustic/Preto/Sintético Preto,47999,86990,1,3502,madesacms,2025-12-29 22:01:45
2025-12-29 14:44:00,1587061147445-01,Ventilador Britânia BVT301 Tecnologia Maxx Force 60W 127V,9490,19990,1,155335,Philco,2025-12-29 22:01:46
2025-12-29 14:39:45,1587061147444-01,Ventilador Britânia BVT500 2 em 1 Maxx Force 6 Pás 176W 220V,15990,30990,1,155435,Philco,2025-12-29 22:01:46
2025-12-29 14:36:25,1587061147442-01,Cortador De Legumes Médio - Jl Colombo,17280,17280,1,1219242,webcontinentalmktplace,2025-12-29 22:01:46
2025-12-29 14:35:21,1587061147441-01,Ventilador Britânia BVT301 Tecnologia Maxx Force 60W 127V,9490,19990,1,155335,Philco,2025-12-29 22:01:46
2025-12-29 14:34:50,1587061147440-01,Ventilador de Coluna Britânia BVT450 Maxx Force 160W 127V,18990,36990,1,155224,Philco,2025-12-29 22:01:47
2025-12-29 14:31:03,1587061147436-01,Smart tv philco 60” 4k uhd p60cra roku tv dolby audio quad core space gray,212900,236556,1,2046093,loyalt,2025-12-29 22:01:47
2025-12-29 14:25:51,1587051147435-01,Chapinha - Prancha Para Progressiva Digital Colors,27790,27790,1,1294964,webcontinentalmktplace,2025-12-29 22:01:47
2025-12-29 14:16:52,1587051147429-02,Piscina Infantil 1000l Mor Retangular Verão - Casa Dos Fogões,19690,19690,1,1103912,webcontinentalmktplace,2025-12-29 22:01:47
2025-12-29 14:16:52,1587051147429-01,Ventilador de Coluna Britânia BVT450 Maxx Force 160W 127V,18990,36990,1,155224,Philco,2025-12-29 22:01:47
2025-12-29 13:57:00,1587051147413-01,Jogo Cama Lençol Unique Casal Padrão 400 Fios Ponto Palito 3 Peças - Cinza,5751,5751,1,1087408,loyalt,2025-12-29 22:01:48
2025-12-29 13:53:20,1587051147409-03,Liquidificador Oster OLI610 15 Velocidades 1400W Preto 220 V,19990,26990,1,43890,multilojaonline,2025-12-29 22:01:48
2025-12-29 13:53:20,1587051147409-02,Tesoura de Poda para Jardim Profissional com Lâmina de Manganês e Cabo de Plástico 55mm Azul Tiffany Jardinar Atlas,4690,4690,1,34788,inbettastore,2025-12-29 22:01:48
2025-12-29 13:53:20,1587051147409-04,"Mixer Batedor Manual 19,5Cm Western Home",3390,4500,1,47105,funstock,2025-12-29 22:01:48
2025-12-29 13:53:20,1587051147409-01,Ventilador de Coluna Britânia BVT450 Maxx Force 160W 220V,18990,36990,1,155224,Philco,2025-12-29 22:01:48
2025-12-29 13:53:20,1587051147409-01,Mixer Philco PMXE01 Inox com Copo 750W 127V,14990,17990,1,669620,Philco,2025-12-29 22:01:48
2025-12-29 13:47:13,1587051147404-01,Ventilador Britânia BVT301 Tecnologia Maxx Force 60W 127V,9490,19990,2,155335,Philco,2025-12-29 22:01:49
2025-12-29 13:42:17,1587051147401-01,Fralda Premium Care RN - Pampers - 20un até 4kg,3599,3900,1,312886,farmaciaindiana,2025-12-29 22:01:49
2025-12-29 13:42:17,1587051147401-01,Sabonete Líquido Infantil Granado 250ml Bebê Camomila SAB LIQ INF GRANADO,2389,3199,1,724018,farmaciaindiana,2025-12-29 22:01:49
2025-12-29 13:42:17,1587051147401-02,Chupeta Lolly Borboleta Silicone Ortodôntica Azul Tamanho 2 Ref 4515,1099,1099,1,1199914,farmaconde,2025-12-29 22:01:49
2025-12-29 13:42:15,1587051147400-01,Parafusadeira e furadeira wap wf12k3.2 bateria 12v bivolt,18990,22000,1,2046288,loyalt,2025-12-29 22:01:50
2025-12-29 13:37:52,1587051147395-01,Ventilador Britânia BVT301 Tecnologia Maxx Force 60W 127V,9490,19990,3,155335,Philco,2025-12-29 22:01:50
2025-12-29 13:36:50,1587051147394-01,Hidratante Nutritivo Derma Protect Johnsons Baby 200ml CR HID JOHNSON 200ML BABY DERMA PROTECT,6769,7499,1,726891,farmaciaindiana,2025-12-29 22:01:50
2025-12-29 13:36:50,1587051147394-01,Água de Limpeza Mustela Bebê Sem Enxágue - 300ml,9459,9517,1,692770,farmaciaindiana,2025-12-29 22:01:50
2025-12-29 13:32:57,1587051147391-01,Ventilador Britânia BVT301 Tecnologia Maxx Force 60W 127V,9490,19990,1,155335,Philco,2025-12-29 22:01:50
2025-12-29 13:16:13,1587041147384-01,MICROONDAS 127V MO-01-21-B 5615-01 MONDIAL,54990,54990,2,2332280,minipreco,2025-12-29 22:01:51
2025-12-29 13:14:08,1587041147383-01,Conjunto de travessas refratárias marinex em vidro - 10 peças,11990,13900,1,2135902,loyalt,2025-12-29 22:01:51
2025-12-29 13:12:22,1587041147382-01,Vaporizador Vertical Elgin Steamer Com Suporte Verde STM10 110v,31000,31000,1,1975608,webcontinentalmktplace,2025-12-29 22:01:51
2025-12-29 13:10:40,1587041147381-01,Ventilador de Teto Fenix Led Inverter Bivolt Ventisol,44590,59400,1,812632,funstock,2025-12-29 22:01:51
2025-12-29 13:10:27,1587041147380-01,Ventilador de Coluna Britânia BVT450 Maxx Force 160W 220V,18990,36990,1,155224,Philco,2025-12-29 22:01:51
2025-12-29 13:10:22,1587041147379-01,Churrasqueira Elétrica Cadence Short Grill 110V,10990,12990,1,1772347,webcontinentalmktplace,2025-12-29 22:01:52
2025-12-29 13:04:58,1587041147376-01,Potes Herméticos Electrolux de Plástico Cinza Escuro Retangular com 8 Unidades,5990,7900,2,1108053,electrolux,2025-12-29 22:01:52
2025-12-29 13:04:36,1587041147375-01,Piscina Inflável Joy Set 2490l Circular 240cm Com Forro Bomba Vg Plus,35199,35199,1,1655547,webcontinentalmktplace,2025-12-29 22:01:52
2025-12-29 13:00:50,1587041147374-01,Smart tv 32” philco led hd p32cra roku tv hdr dolby audio wi-fi dual band hdmi usb,89800,94631,1,2046128,loyalt,2025-12-29 22:01:52
2025-12-29 12:58:18,1587041147373-01,Pneu Aro 13 175/70R13 82H Eco Plush Accelera,24762,24762,2,815398,pneubarato,2025-12-29 22:01:52
2025-12-29 12:54:48,1587041147371-01,Ração Quatree Select 3KG Cão Filhote Raças Pequenas,6391,6790,1,838356,farmaciaindiana,2025-12-29 22:01:53
2025-12-29 12:54:48,1587041147371-01,"Simparic 20mg cães de 5,1 kg a 10,0 kg  1 comprimido",8999,9299,1,850088,farmaciaindiana,2025-12-29 22:01:53
2025-12-29 12:50:43,1587041147369-01,"Smartphone Samsung Galaxy A07 Tela 6,7 Polegadas 128GB 4GB RAM Violeta Bivolt",74990,115990,1,1965707,multilojaonline,2025-12-29 22:01:53
2025-12-29 12:47:14,1587041147367-01,"Climatizador De Ar Cadence Compactar 8,4L 110V",37990,43990,1,1777999,webcontinentalmktplace,2025-12-29 22:01:53
2025-12-29 12:45:22,1587041147365-01,Escova Secadora Britânia Soft 4 Em 1 1300W BEC07R Bivolt,14290,14290,1,1736244,webcontinentalmktplace,2025-12-29 22:01:53
2025-12-29 12:44:18,1587041147362-01,Smartphone Motorola G15 Grafite 256GB,101600,119100,1,1330563,webcontinentalmktplace,2025-12-29 22:01:53
2025-12-29 12:38:34,1587041147357-01,Micro-ondas 33L Philco Teclas Fáceis e Limpa Fácil 1400W PM36 220V,54990,73990,1,861706,Philco,2025-12-29 22:01:54
2025-12-29 12:29:34,1587031147355-01,Geladeira Electrolux Frost Free 320L Duplex Branca (TF38) 127V,239900,339900,1,1957440,electrolux,2025-12-29 22:01:54
2025-12-29 12:24:17,1587031147351-03,Jogo De 5 Panelas Alumínio Preta Craqueada Extang Promoção,14850,14850,1,1529935,webcontinentalmktplace,2025-12-29 22:01:54
2025-12-29 12:24:17,1587031147351-01,Jogo de Cama Chevron Queen Lar E Lazer Preto UN,6999,11499,1,1631709,rovitex,2025-12-29 22:01:54
2025-12-29 12:24:17,1587031147351-02,Conjunto de travessas refratárias marinex em vidro - 10 peças,11990,13900,1,2135902,loyalt,2025-12-29 22:01:54
2025-12-29 12:19:30,1587031147350-01,Azelan 150mg/g Gel Dermatológico Bisnaga 30g,8039,9373,1,1200524,farmaconde,2025-12-29 22:01:55
2025-12-29 12:18:55,1587031147346-02,Sanduicheira e Grill Philco 2 em 1 Antiaderente 750W PGR25A 220V,11990,14990,1,1380489,Philco,2025-12-29 22:01:55
2025-12-29 12:18:55,1587031147346-01,Mochila Infantil Rebecca Bonbon Preta,18320,22900,1,2360006,webcontinentalmktplace,2025-12-29 22:01:55
2025-12-29 12:17:50,1587031147345-01,Ventilador de mesa 40cm mondial super turbo vtx-40-8p 8 pás 3 velocidades preto,18991,22040,1,2044915,loyalt,2025-12-29 22:01:55
2025-12-29 12:13:22,1587031147342-01,"Liquidificador electrolux ebl1500 efficient triforce 1500w 3,2l cinza",19900,19900,1,2045266,loyalt,2025-12-29 22:01:55
2025-12-29 12:13:22,1587031147342-02,"Climatizador De Ar Cadence Compactar 8,4L 110V",37990,43990,1,1777999,webcontinentalmktplace,2025-12-29 22:01:56
2025-12-29 12:12:49,1587031147341-01,Conjunto de travessas refratárias marinex em vidro - 10 peças,11990,13900,1,2135902,loyalt,2025-12-29 22:01:56
2025-12-29 12:12:03,1587031147340-01,Kit De Limpeza Manutenção Piscina Intex Aspirador Peneira,19799,19799,1,1942249,webcontinentalmktplace,2025-12-29 22:01:56
2025-12-29 12:06:57,1587031147337-01,"Smartphone samsung galaxy a17 5g 256gb 6,7” super amoled câmera tripla 50mp ia gemini preto",126455,144333,1,2137842,loyalt,2025-12-29 22:01:56
2025-12-29 12:05:24,1587031147336-01,Alto Falante Bravox Triaxial B3x50x 5 50 W Rms 4r Universal Par,12232,12232,1,1996898,webcontinentalmktplace,2025-12-29 22:01:56
2025-12-29 12:04:52,1587031147335-01,Suporte Tv Articulado Multivisão 55 Mi-75517 Preto,13208,13208,1,2395470,webcontinentalmktplace,2025-12-29 22:01:56
2025-12-29 12:02:14,1587031147333-01,Ventilador de Coluna Britânia BVT450 Maxx Force 160W 127V,18990,36990,3,155224,Philco,2025-12-29 22:01:57
2025-12-29 11:58:20,1587031147331-01,Smartphone motorola moto g56 5g tela 6.7” 256gb 8gb ram+16gb ram boost 50mp sony lytia 600 moto ai turbopower 33w ip69 desbloqueado cinza,121900,199900,1,2295626,loyalt,2025-12-29 22:01:57
2025-12-29 11:44:19,1587031147317-01,Ventilador de Coluna Britânia BVT450 Maxx Force 160W 127V,18990,36990,1,155224,Philco,2025-12-29 22:01:57
2025-12-29 11:43:09,1587031147316-01,Ventilador De Teto 3 Pás Elluz Branco Bivolt - Ventisol,28990,28990,1,1922628,webcontinentalmktplace,2025-12-29 22:01:57
2025-12-29 11:40:15,1587031147315-01,Senscience Inner Restore - Máscara De Hidratação 500ml,53900,53900,1,1868153,webcontinentalmktplace,2025-12-29 22:01:57
2025-12-29 11:31:41,1587031147314-01,Micro-ondas Electrolux 27L Branco com 55 receitas pré-programadas e Função Tira Odor (MB37R) 220V,69900,69900,1,1107979,electrolux,2025-12-29 22:01:57
2025-12-29 11:21:32,1587021147311-01,Piscina Retangular 3700 Litros Estruturada Premium Mor,85563,85563,1,1181753,webcontinentalmktplace,2025-12-29 22:01:58
2025-12-29 11:20:26,1587021147310-01,Air Fryer Electrolux por Rita Lobo 3L Preta Efficient c/ Desligamento Automático 1200W (EAF05) 220V,28990,38990,1,1392299,electrolux,2025-12-29 22:01:58
2025-12-29 11:08:42,1587021147307-01,Cozinha Compacta Madesa Emilly Free com Armário e Balcão Cor:Rustic/Preto,57999,116990,1,3555,madesacms,2025-12-29 22:01:58
2025-12-29 11:00:33,1587021147303-01,Ventilador de Coluna Britânia BVT451 Maxx Force 170W 127V,23990,28990,2,155439,Philco,2025-12-29 22:01:58
2025-12-29 10:54:49,1587021147301-01,Cozinha Completa Madesa Emilly Joy com Armário e Balcão 15 Portas 1 Gaveta Cor:Rustic/Preto,123999,186990,1,3797,madesacms,2025-12-29 22:01:58
2025-12-29 10:49:37,1587021147299-01,CAIXA TERMICA PRETA 34L 25108243 MOR,9990,9990,1,996195,minipreco,2025-12-29 22:01:58
2025-12-29 10:48:45,1587021147298-01,Ventilador Britânia BVT301 Tecnologia Maxx Force 60W 220V,9490,19990,1,155335,Philco,2025-12-29 22:01:59
2025-12-29 10:48:45,1587021147298-01,Mini Processador de Alimentos  Britânia 2P 220V,9990,16990,1,1597,Philco,2025-12-29 22:01:59
2025-12-29 10:38:21,1587021147296-01,Roçadeira à Gasolina Vulcan Vr620h 2t 62cc 3hp,124265,124265,1,1606579,webcontinentalmktplace,2025-12-29 22:01:59
2025-12-29 10:37:25,1587021147295-01,Liquidificador Portátil Britânia 300ml 50W USB BLQE02A Bivolt,12990,15990,1,1999702,Philco,2025-12-29 22:01:59
2025-12-29 10:30:57,1587021147294-01,Ventilador Britânia BVT301 Tecnologia Maxx Force 60W 220V,9490,19990,1,155335,Philco,2025-12-29 22:02:00
2025-12-29 10:30:38,1587021147293-01,Protetor Helioderm Fps50 200ml + Protetor Kids Fps50 120ml Kley PROT HELIODERM FPS50 200ML+PROT KIDS FPS,7689,7829,1,718087,pensefarma,2025-12-29 22:02:00
2025-12-29 10:25:52,1587011147292-01,Grill Cadence Perfect Taste 127V,14999,14999,1,1334894,minipreco,2025-12-29 22:02:00
2025-12-29 10:24:49,1587011147291-01,Depurador de Ar Colormaq Cook 60cm Preto Fosco Bivolt,29990,36990,1,1288819,multilojaonline,2025-12-29 22:02:00
2025-12-29 10:15:40,1587011147287-01,Cafeteira elétrica oster ocaf300 19 xícaras - preta/inox,13990,14490,2,2045068,loyalt,2025-12-29 22:02:01
2025-12-29 10:15:40,1587011147287-03,Lenço Umedecido Pampers Cheirinho Bebê,3689,5390,2,850030,farmaciaindiana,2025-12-29 22:02:01
2025-12-29 10:15:40,1587011147287-02,Aparador de Pelos Britânia 6 em 1 BAPE01 Multigroom Bivolt,8990,10990,1,767040,webcontinentalmktplace,2025-12-29 22:02:01
2025-12-29 10:12:19,1587011147283-01,Ventilador de Coluna Britânia BVT451 Maxx Force 170W 127V,23990,28990,2,155439,Philco,2025-12-29 22:02:01
2025-12-29 10:06:25,1587011147282-01,Ventilador Britânia BVT301 Tecnologia Maxx Force 60W 127V,9490,19990,1,155335,Philco,2025-12-29 22:02:01
2025-12-29 09:49:52,1587011147276-01,Ventilador Prime Air AVTE400 Tecnologia Maxx Force 150W 127V,14990,16490,1,714190,webcontinentalmktplace,2025-12-29 22:02:01
2025-12-29 09:47:28,1587011147274-01,Secador de Cabelo Philco Titanium Travel 750W Bivolt,9990,16990,2,1318,Philco,2025-12-29 22:02:02
2025-12-29 09:35:32,1587011147271-01,"Smartphone xiaomi redmi 14c br 4g azul 256gb, 4+4gb ram virtual, tela de 6,8’’, mediatek helio g81 ultra e câmera traseira dupla de 50mp",111920,183212,1,2045385,loyalt,2025-12-29 22:02:02
2025-12-29 09:33:57,1587011147270-01,"Smart tv tcl 50"" 4k qled uhd 50p7k google tv 60hz processador aipq preta",219900,230895,1,2046074,loyalt,2025-12-29 22:02:02
2025-12-29 09:19:00,1587001147267-01,Potes Herméticos Electrolux de Plástico Cinza Escuro Retangular com 8 Unidades,5990,7900,1,1108053,electrolux,2025-12-29 22:02:02
2025-12-29 09:18:09,1587001147266-01,Ventilador de Teto Mondial com Controle Remoto Maxi Air Control VTE-02 3 Pás Branco 127V 9070-01,44608,44608,1,1803787,webcontinental,2025-12-29 22:02:02
2025-12-29 09:14:46,1587001147265-01,Lava-Louça Electrolux 8 Serviços Branca com Programa Lava & Seca 50 min (LB08E) 220V,199900,199900,1,1512159,electrolux,2025-12-29 22:02:02
2025-12-29 09:11:52,1587001147264-01,Forno Elétrico Philco PFE50PE Full Glass 50l 220V,80990,83990,1,1409,Philco,2025-12-29 22:02:03
2025-12-29 09:11:15,1587001147263-01,Potes Herméticos Electrolux de Plástico Branco Retangular com 10 Unidades,7990,15900,2,1108205,electrolux,2025-12-29 22:02:03
2025-12-29 09:03:28,1587001147261-01,Ventilador Britânia BVT301 Tecnologia Maxx Force 60W 127V,9490,19990,1,155335,Philco,2025-12-29 22:02:03
2025-12-29 09:03:28,1587001147261-02,Jogo de Cama Chevron Queen Lar E Lazer Preto UN,6999,11499,1,1631709,rovitex,2025-12-29 22:02:03
2025-12-29 08:58:46,1587001147259-01,Ventilador de Coluna Britânia BVT450 Maxx Force 160W 127V,18990,36990,1,155224,Philco,2025-12-29 22:02:04
2025-12-29 08:57:49,1587001147258-01,Bebedouro Automático Para Cães E Gatos Antiformiga - Rosa,5990,5990,1,1522059,webcontinentalmktplace,2025-12-29 22:02:04
2025-12-29 08:57:49,1587001147258-01,Purificador De Água Natural E Gelada Philco PPU12C1 Cinza Bivolt,66990,66990,1,2156497,webcontinentalmktplace,2025-12-29 22:02:04
2025-12-29 08:46:26,1587001147257-01,Ventilador de Coluna Britânia BVT450 Maxx Force 160W 127V,18990,36990,1,155224,Philco,2025-12-29 22:02:04
2025-12-29 08:38:50,1587001147256-01,Ventilador Britânia BVT301 Tecnologia Maxx Force 60W 127V,9490,19990,1,155335,Philco,2025-12-29 22:02:04
2025-12-29 08:31:20,1587001147255-01,Ventilador Britânia BVT301 Tecnologia Maxx Force 60W 220V,9490,19990,1,155335,Philco,2025-12-29 22:02:04
2025-12-29 08:25:06,1586991147254-01,Vitamina B12 Nutrify 60 cápsulas,4190,4190,1,705952,nutrifyafter,2025-12-29 22:02:04
2025-12-29 08:14:17,1586991147252-01,Ventilador Britânia BVT301 Tecnologia Maxx Force 60W 127V,9490,19990,2,155335,Philco,2025-12-29 22:02:05
2025-12-29 08:12:45,1586991147250-01,Jogo De Cama Chevron Queen Lar E Lazer Rosa UN,6999,10999,1,1630353,rovitex,2025-12-29 22:02:05
2025-12-29 07:59:20,1586991147249-01,Mop Sekito com Cabo Noviça Bettanin,4990,6990,1,34760,inbettastore,2025-12-29 22:02:05
2025-12-29 07:59:20,1586991147249-01,Refil Mop Sekito Noviça Bettanin,2590,3090,2,33279,inbettastore,2025-12-29 22:02:05
2025-12-29 07:29:32,1586981147248-01,Churrasqueira Popular Chapa Galvanizada Tela Moeda Portátil N°1 - Gudim,10540,10540,1,1474246,webcontinentalmktplace,2025-12-29 22:02:05
2025-12-29 06:54:16,1586981147247-01,Piscina Estrutural 1500 Litros 189 X 189 X 42 Cm Mor,25029,25029,1,1182579,webcontinentalmktplace,2025-12-29 22:02:05
2025-12-29 02:28:24,1586931147241-01,Fralda Descartável Flock Baby Sempre Sequinha Hiper G 64 Unidades,6490,6490,1,1999503,farmaciaindiana,2025-12-29 22:02:06
2025-12-29 02:28:24,1586931147241-01,Fralda Descartável Flock Baby Sempre Sequinha Mega XXG 28 Unidades,3290,3490,1,1999509,farmaciaindiana,2025-12-29 22:02:06
2025-12-29 02:28:24,1586931147241-01,Absorvente Sym Regular Suave Com Abas Odor Block 30 Unidades Absorvente Sym Regular Suave Com Abas Odor Block Promocional 30 Unidades,1090,1399,1,850370,farmaciaindiana,2025-12-29 22:02:06
2025-12-29 02:07:01,1586931147238-01,Wella Enrich Invigo - Mascara Capilar 150ml,21900,21900,1,1102660,webcontinentalmktplace,2025-12-29 22:02:06
2025-12-29 01:52:52,1586931147233-01,Escova Secadora Britânia 4 em 1 BELLA01 1300W Bivolt Bivolt,11990,16990,1,229761,Philco,2025-12-29 22:02:06
2025-12-29 00:59:45,1586921147231-01,Ar-Condicionado Janela 10000BTUs Philco Ciclo Frio PAJ10FH 127V,199990,249990,1,2464268,Philco,2025-12-29 22:02:06
2025-12-29 00:47:30,1586921147230-01,Ventilador Britânia BVT301 Tecnologia Maxx Force 60W 127V,9490,19990,1,155335,Philco,2025-12-29 22:02:07
2025-12-29 00:34:29,1586921147228-01,Clotrimazol 20mg/g Medley Genérico Creme Vaginal 20g + 3 Aplicadores,2549,6526,1,1202881,farmaconde,2025-12-29 22:02:07
2025-12-29 00:14:52,1586911147224-01,Smartwatch Positivo Watch Essential IP68 até 10 dias de Bateria Tela IPS Monitoramento 1.83” - Preto,16900,49900,1,856218,lojapositivo,2025-12-29 22:02:07
2025-12-29 00:12:34,1586911147223-01,Celular samsung galaxy a07 tela 6.7” 256gb 4g 90hz câmera dupla 50mp verde,84900,98111,1,2047276,loyalt,2025-12-29 22:02:08
2025-12-29 00:12:15,1586911147222-01,"Smartphone Infinix Note 50X IA 5G 256GB 8GB RAM 6.67"" Câmera 50MP NFC Bateria 5200mAh Resistência Padrão Militar + IP64 Smartphone Infinix Note 50X IA 5G 256GB 8GB RAM 6,78"" Câmera 50MP NFC Bateria 5200mAh Resistência Padrão Militar + IP64",149900,239900,1,2310172,lojapositivo,2025-12-29 22:02:08
2025-12-28 23:55:11,1586911147219-01,Ventilador Britânia BVT301 Tecnologia Maxx Force 60W 127V,9490,19990,2,155335,Philco,2025-12-29 22:02:08
2025-12-28 23:54:36,1586911147218-01,Ar Condicionado Philco Inverter PAC12FB 12000 BTUS Ar Frio Branco 220 V,239990,279990,1,1239859,multilojaonline,2025-12-29 22:02:08
2025-12-28 23:51:46,1586911147217-01,Multiprocessador Philco PMP1600P 1400W 127V,34990,42990,1,944,Philco,2025-12-29 22:02:09
2025-12-28 23:47:53,1586911147216-01,TRAVESSEIRO BLEND 200 FIOS 50X70CM 1317000110002 BELLA ENXOVAIS,2990,4990,4,1739224,minipreco,2025-12-29 22:02:09
2025-12-28 23:44:11,1586911147215-01,Kit Cobre Leito Casal Padrão + Jogo De Lençol Micropercal 300 Fios Com Bordado Inglês Santorini 7 Peças - Bege,46830,46830,1,1642732,webcontinentalmktplace,2025-12-29 22:02:09
2025-12-28 23:18:23,1586901147206-01,Cafeteira Elétrica Cadence Urban Pop Inox 220V,15990,21990,1,1700303,webcontinentalmktplace,2025-12-29 22:02:10
2025-12-28 23:15:59,1586901147205-01,Ventilador Britânia BVT301 Tecnologia Maxx Force 60W 127V,9490,19990,3,155335,Philco,2025-12-29 22:02:10
2025-12-28 23:11:22,1586901147201-01,Caixa de Som Amplificada Philco Flash Light 2600W PCX26000 Bivolt,159990,276990,1,1999706,Philco,2025-12-29 22:02:10
2025-12-28 23:03:50,1586901147198-01,Relogio Smartwatch Camera Celular Chip Cartao Musica Rosa,14990,14990,1,1384006,webcontinentalmktplace,2025-12-29 22:02:10
2025-12-28 22:53:09,1586901147183-01,Fogão 4Q Atlas Mônaco Plus Acendimento Branco Mesa Inox Bivolt,62990,77990,1,42842,multilojaonline,2025-12-29 22:02:11
2025-12-28 22:50:57,1586901147182-01,Ventilador de mesa 40cm mondial super turbo vtx-40-8p 8 pás 3 velocidades preto,18991,22040,1,2044915,loyalt,2025-12-29 22:02:12
2025-12-28 22:48:26,1586901147181-01,Kit De Ferramentas 46 Peças Soquetes De Aço Chaves Catraca Reversível Multiuso Maleta Resistente,4990,4990,1,1808758,webcontinentalmktplace,2025-12-29 22:02:12
2025-12-28 22:35:07,1586901147179-01,Máquina de lavar 13kg electrolux lda13 efficient duplo dispenser máxima diluição cesto inox branca,189900,243042,1,2046803,loyalt,2025-12-29 22:02:12
2025-12-28 22:29:37,1586891147175-01,Piscina Estrutural Armação 6125 Litros + Bomba Filtro Avenli Jilong 220v,120999,120999,1,1802425,webcontinentalmktplace,2025-12-29 22:02:12
2025-12-28 22:29:16,1586891147173-01,Ventilador Britânia BVT301 Tecnologia Maxx Force 60W 127V,9490,19990,1,155335,Philco,2025-12-29 22:02:12
2025-12-28 22:22:01,1586891147172-01,Omeleteira Mr. Cheff Inox Redonda 800W 127V Agratto,10990,20100,1,861682,funstock,2025-12-29 22:02:13
2025-12-28 22:07:54,1586891147171-01,Ar Condicionado Philco Inverter PAC12FB 12000 BTUS Ar Frio Branco 220 V,239990,279990,1,1239859,multilojaonline,2025-12-29 22:02:13
2025-12-28 22:07:32,1586891147169-02,Conjunto Bowls de Inox Electrolux com Tampa Plástica 3 Peças,9490,15900,1,1107949,electrolux,2025-12-29 22:02:13
2025-12-28 22:07:32,1586891147169-02,Panela de Pressão Elétrica Electrolux por Rita Lobo 3L Preta Efficient c/ Timer (PCE15) 127V,35990,54990,1,1108189,electrolux,2025-12-29 22:02:13
2025-12-28 22:07:32,1586891147169-01,Jogo de Cama Chevron Queen Lar E Lazer Preto UN,6999,11499,1,1631709,rovitex,2025-12-29 22:02:14
2025-12-28 22:07:32,1586891147169-01,Jogo de Cama Poá Casal Lar E Lazer Azul UN,5999,7999,1,1424474,rovitex,2025-12-29 22:02:14
2025-12-28 22:00:29,1586891147168-01,Ventilador Britânia BVT301 Tecnologia Maxx Force 60W 127V,9490,19990,1,155335,Philco,2025-12-29 22:02:14
2025-12-28 21:57:38,1586891147167-01,Ventilador Britânia BVT301 Tecnologia Maxx Force 60W 127V,9490,19990,1,155335,Philco,2025-12-29 22:02:14
2025-12-28 21:37:21,1586891147164-01,Colchão Solteiro 88cm Espuma D33 Poliester Pro Firm Umaflex Colchão Solteiro 88cm D33 Poliester Pro Firm Umaflex Preto/Branco S/V,41590,42990,1,313600,multilojaonline,2025-12-29 22:02:14
2025-12-28 21:37:00,1586891147163-01,Guarda-Roupa Casal Madesa Mônaco 3 Portas de Correr com Espelho Cor:Preto,87999,143990,1,3661,madesacms,2025-12-29 22:02:15
2025-12-28 21:37:00,1586891147163-01,Conjunto Sala de Jantar Madesa Talita Mesa Tampo de Madeira com 4 Cadeiras Cor:Rustic/Preto/Sintético Preto,47999,86990,1,3502,madesacms,2025-12-29 22:02:15
2025-12-28 21:14:23,1586881147157-01,Ventilador Britânia 2 em 1 BVT400 Maxx Force 150W 220V,13490,20990,1,155222,Philco,2025-12-29 22:02:15
2025-12-28 21:07:48,1586881147154-01,Perfume Importado Cacharel Amor Amor 30ml Perfume Cacharel Amor Amor 30ml,17590,18990,1,833768,farmaciaindiana,2025-12-29 22:02:15
2025-12-28 21:07:48,1586881147154-01,Secador de Cabelos Taiff Style 2000W Profissional Preto 220v,23900,23900,1,54607,farmaciaindiana,2025-12-29 22:02:15
2025-12-28 21:07:48,1586881147154-02,Al Wataniah Durrat Al Aroos Eau De Parfum - Perfume Feminino 85ml,29900,29900,1,1250427,webcontinentalmktplace,2025-12-29 22:02:16
2025-12-28 20:54:53,1586881147149-01,Conjunto Sala de Jantar Madesa Medelin Mesa Tampo de Madeira com 6 Cadeiras Cor:Rustic/Crema/Sintético Bege,69999,129990,1,8557,madesacms,2025-12-29 22:02:16
2025-12-28 20:46:14,1586881147146-01,Ventilador de Coluna Britânia BVT450 Maxx Force 160W 127V,18990,36990,2,155224,Philco,2025-12-29 22:02:16
2025-12-28 20:40:28,1586881147144-01,Geladeira Refrigerador HQ Defrost 230 Litros Branco HQ-230RDF 127V,185444,185444,1,1545254,webcontinentalmktplace,2025-12-29 22:02:16
2025-12-28 20:39:51,1586881147143-01,"Climatizador De Ar Cadence Ventilar Duo Tank 5,7L 220V",35990,43490,1,1777998,webcontinentalmktplace,2025-12-29 22:02:17
2025-12-28 20:32:57,1586881147142-01,Protetor Solar Facial alta proteção ISDIN Extrem90 FPS90-50ml,13767,14490,1,833050,farmaciaindiana,2025-12-29 22:02:17
2025-12-28 20:28:14,1586871147141-01,Ventilador Britânia BVT301 Tecnologia Maxx Force 60W 127V,9490,19990,2,155335,Philco,2025-12-29 22:02:18
2025-12-28 20:24:54,1586871147140-01,Smartphone motorola moto g56 5g tela 6.7” 256gb 8gb ram+16gb ram boost 50mp sony lytia 600 moto ai turbopower 33w ip69 desbloqueado cinza,121900,199900,1,2295626,loyalt,2025-12-29 22:02:18
2025-12-28 20:24:51,1586871147139-01,Ventilador Britânia BVT301 Tecnologia Maxx Force 60W 127V,9490,19990,2,155335,Philco,2025-12-29 22:02:18
2025-12-28 20:23:47,1586871147138-01,Principia kit - sérum am-10 + sérum ah-2,10161,10161,1,2069531,loyalt,2025-12-29 22:02:19
2025-12-28 20:23:17,1586871147137-01,Secador de Cabelos Philco Bivolt 2200W PSC2450 Íons Tourmaline Bivolt,20990,21990,1,1264491,Philco,2025-12-29 22:02:19
2025-12-28 20:22:47,1586871147136-01,Ferro De Passar Oster 2 Em 1 Sem Fio 110V,28990,31990,1,1786409,webcontinentalmktplace,2025-12-29 22:02:19
2025-12-28 20:22:18,1586871147135-01,Ventilador Britânia BVT301 Tecnologia Maxx Force 60W 127V,9490,19990,1,155335,Philco,2025-12-29 22:02:20
2025-12-28 20:03:15,1586871147125-01,"Climatizador De Ar Cadence Compactar 8,4L 110V",37990,43990,1,1777999,webcontinentalmktplace,2025-12-29 22:02:20
2025-12-28 19:57:51,1586871147124-01,Umidificador de Ar Ultrassônico Fisher-Price - HC055 HC055,9989,14990,1,19921,compreja,2025-12-29 22:02:20
2025-12-28 19:55:57,1586871147122-01,Ventilador Britânia 2 em 1 BVT400 Maxx Force 150W 127V,13490,20990,1,155222,Philco,2025-12-29 22:02:20
2025-12-28 19:55:57,1586871147122-02,Sanduicheira e Grill Philco Inox 2 em 1 PGR27A 750W 127V,9990,11990,1,1569989,webcontinentalmktplace,2025-12-29 22:02:21
2025-12-28 19:41:26,1586871147115-01,Parafusadeira Philco Force PPF120MF 3 em 1 1500RPM Bivolt,24990,42990,1,672619,Philco,2025-12-29 22:02:21
2025-12-28 19:38:59,1586871147106-01,Liquidificador Britânia Diamante Preto 900W 127V,9990,21990,1,1911,Philco,2025-12-29 22:02:21
2025-12-28 19:31:11,1586871147105-01,Ventilador de mesa mondial maxis v30mxw 30cm 6 pás 3 velocidades 50w branco / azul,9490,11990,1,2044905,loyalt,2025-12-29 22:02:22
2025-12-28 19:23:01,1586861147103-01,Laptop Infantil Bilíngue - Barbie CAN1812,9999,9999,1,7831,bumerangbrinquedos,2025-12-29 22:02:22
2025-12-28 19:20:04,1586861147098-04,Kit Talher Belize Preto 21PCS SIMONAGGIO,2995,3990,1,797375,minipreco,2025-12-29 22:02:22
2025-12-28 19:20:04,1586861147098-04,Copo de Vidro 240ML - MAHALO,395,999,10,1190713,minipreco,2025-12-29 22:02:22
2025-12-28 19:20:04,1586861147098-01,Ventilador De Teto Silencioso 3 Velocidades Luminária Led Controle Remoto Bivolt,17900,17900,1,1207961,webcontinentalmktplace,2025-12-29 22:02:23
2025-12-28 19:20:04,1586861147098-03,Toalha De Banho Loft Por Cor Camesa Azul UN,6499,12999,1,299035,rovitex,2025-12-29 22:02:23
2025-12-28 19:20:04,1586861147098-02,Conjunto de travessas refratárias marinex em vidro - 10 peças,11990,13900,1,2135902,loyalt,2025-12-29 22:02:23
2025-12-28 19:16:58,1586861147097-01,"Roçadeira gasolina 25,4cc rgo260 vonder",74390,74390,1,2104153,loyalt,2025-12-29 22:02:23
2025-12-28 19:12:21,1586861147095-02,Troninho infantil ploc rosa - voyage,9260,10290,1,2042532,loyalt,2025-12-29 22:02:24
2025-12-28 19:12:21,1586861147095-01,"Tablet Infantil Lcd Lousa Mágica Desenha Estuda Escrever - 8,5 Polegadas",4289,4289,1,1972124,webcontinentalmktplace,2025-12-29 22:02:24
2025-12-28 19:12:16,1586861147094-01,POTE CONECT RT DEC 370ML B5 15039 PLASUTIL,749,749,2,812970,minipreco,2025-12-29 22:02:24
2025-12-28 19:12:16,1586861147094-01,SALEIRO DEC 100ML 16545 PLASUTIL,499,499,1,1284152,minipreco,2025-12-29 22:02:24
2025-12-28 19:12:16,1586861147094-01,TIGELA LISA PRETA 800ML 2001-8 ALVES,449,449,1,866354,minipreco,2025-12-29 22:02:24
2025-12-28 19:06:54,1586861147092-01,Triturador Picador Alho Cebola Vinagrete Com Cordinha Manual,2990,2990,1,1688764,webcontinentalmktplace,2025-12-29 22:02:25
2025-12-28 19:06:54,1586861147092-01,Jogo Com 5 Potes De Vidro Guarda Mantimentos,3890,3890,1,1651611,webcontinentalmktplace,2025-12-29 22:02:25
2025-12-28 19:06:54,1586861147092-01,Climatizador Philco 5L Display Touch 5 em 1 PCL10QF 110V,87990,87990,1,1832748,webcontinentalmktplace,2025-12-29 22:02:25
2025-12-28 19:00:44,1586861147090-01,Cadeira Gamer Stillus Ergonômica Com Apoio Para Os Pés - Vermelho,53499,53499,1,1820382,webcontinentalmktplace,2025-12-29 22:02:25
2025-12-28 18:45:58,1586861147085-01,Liquidificador Britânia BLQ1380P Pro Maxx 6 Inox 3L 1200W 127V,15990,19990,1,18045,Philco,2025-12-29 22:02:25
2025-12-28 18:44:37,1586861147084-01,"Adaptador Hub Type C 8x1 Hdmi 4k, Lan, Usb 3.0, Leitor Sd Para Macbook",8989,8989,1,1159057,webcontinentalmktplace,2025-12-29 22:02:25
2025-12-28 18:44:37,1586861147084-01,Benjamim Adaptador Universal Tomada Usb Tipo C Filtro Linha,9900,9900,1,1269360,webcontinentalmktplace,2025-12-29 22:02:25
2025-12-28 18:23:44,1586851147078-01,"Tablet Positivo Vision Tab 10 4GB RAM 128GB Câmera 13MP e 5MP 10,1"" HD IPS Android 13 - Preto",87900,129900,1,313921,lojapositivo,2025-12-29 22:02:26
2025-12-28 18:21:59,1586851147077-01,Fone De Ouvido Airdots Bluetooth 5.0 Sem Fio In-ear Com Cancelamento De Ruído E Microfone Embutido,2990,2990,2,1216592,webcontinentalmktplace,2025-12-29 22:02:26
2025-12-28 18:00:58,1586851147064-01,Ventilador Britânia BVT301 Tecnologia Maxx Force 60W 127V,9490,19990,2,155335,Philco,2025-12-29 22:02:27
2025-12-28 17:55:05,1586851147062-01,Ventilador Britânia BVT301 Tecnologia Maxx Force 60W 127V,9490,19990,2,155335,Philco,2025-12-29 22:02:27
2025-12-28 17:54:50,1586851147061-01,Bebedouro Philco PBE14 10L e 20L Duas temperaturas Bivolt Bivolt,29990,41990,1,229737,Philco,2025-12-29 22:02:27
2025-12-28 17:53:31,1586851147060-01,Fone de Ouvido Headphone Bluetooth Micro Sd Mp3 Rádio Fm Preto,6489,6489,1,1135006,webcontinentalmktplace,2025-12-29 22:02:28
2025-12-28 17:50:46,1586851147059-01,BOIA INFLAVEL INFANTIL PRANCHA 58165 MIMO,6990,6990,1,813388,minipreco,2025-12-29 22:02:28
2025-12-28 17:50:46,1586851147059-01,BOTE INFLAVEL INTEX EXPLORER 200 58331 MIMO,19990,19990,1,813225,minipreco,2025-12-29 22:02:28
2025-12-28 17:50:46,1586851147058-01,Secador de Cabelo Cadence Rouge Style II Vermelho/Preto 220 V,13590,16990,1,462936,webcontinentalmktplace,2025-12-29 22:02:28
2025-12-28 17:49:36,1586851147055-01,Bicicleta Paradise Aro 26 com Cesta Free Action Black Cooper S/V,94900,109990,1,1965864,multilojaonline,2025-12-29 22:02:28
2025-12-28 17:49:36,1586851147055-02,Cama Box Base Casal Universal Suede Black (138x188x20) - Costa Rica,30291,30291,1,1434337,webcontinentalmktplace,2025-12-29 22:02:29
2025-12-28 17:49:02,1586851147054-01,Som Automotivo Pionner Bluetooth Usb Fm Mvh-145br Preto,40840,40840,1,1967338,webcontinentalmktplace,2025-12-29 22:02:29
2025-12-28 17:45:29,1586851147050-01,Caixa De Som Amplificada Mondial Connect Lights Preto E Vermelho 700W RMS CM-700 Bivolt,71000,71000,1,1807542,webcontinentalmktplace,2025-12-29 22:02:29
2025-12-28 17:39:09,1586851147047-01,Celular samsung galaxy a07 tela 6.7” 256gb 4gb 90hz câmera dupla 50mp preto,84900,98111,1,2045348,loyalt,2025-12-29 22:02:29
2025-12-28 17:39:09,1586851147047-02,Relogio Smartwatch Camera Celular Chip Cartao Musica Rosa,14990,14990,1,1384006,webcontinentalmktplace,2025-12-29 22:02:29
2025-12-28 17:36:27,1586851147046-01,Ar-Condicionado Split  9000 BTU/h Prime Air 9FC Frio 220V,169990,249990,1,1811950,Philco,2025-12-29 22:02:30
2025-12-28 17:32:41,1586851147041-01,"Smartphone motorola moto g06 4g tela 6,9” 128gb câmera 50mp azul marinho",64900,66000,1,2047097,loyalt,2025-12-29 22:02:30
2025-12-28 17:30:38,1586851147030-01,Conjunto de travessas refratárias marinex em vidro - 10 peças,11990,13900,1,2135902,loyalt,2025-12-29 22:02:30
2025-12-28 17:29:32,1586841147029-01,Fone De Ouvido Tws Bluetooth Branco,10490,22900,1,49769,funstock,2025-12-29 22:02:30
2025-12-28 17:22:41,1586841147024-01,Forno Elétrico De Embutir Digital Mueller 50 Litros Espelhado MFE50L 220V,161910,179900,1,1986776,webcontinentalmktplace,2025-12-29 22:02:31
2025-12-28 17:21:51,1586841147022-01,Lavadora de roupas consul 12kg cwh12bb com dosagem econômica e ciclo edredom – branca,174900,198836,1,2046695,loyalt,2025-12-29 22:02:31
2025-12-28 17:05:03,1586841147015-01,Cervejeira Philco PCV142P Display Digital 3 em 1 91L 220V,259990,337990,1,111978,Philco,2025-12-29 22:02:31
2025-12-28 16:57:02,1586841147013-01,Ventilador de Coluna Britânia BVT450 Maxx Force 160W 127V,18990,36990,1,155224,Philco,2025-12-29 22:02:32
2025-12-28 16:50:40,1586841147010-01,Smart TV 40” Philco PTV40M9GACGB LED Android TV Dolby Audio Bivolt,159990,206990,1,1570013,Philco,2025-12-29 22:02:32
2025-12-28 16:41:25,1586841147009-01,Ventilador Britânia BVT301 Tecnologia Maxx Force 60W 127V,9490,19990,2,155335,Philco,2025-12-29 22:02:32
2025-12-28 16:39:39,1586841147007-01,"Smartphone motorola moto g06 4g tela 6,9” 128gb câmera 50mp azul marinho",64900,66000,1,2047097,loyalt,2025-12-29 22:02:33
2025-12-28 16:38:26,1586841147006-01,Copo Térmico Electrolux 560ml Verde Sense com Tampa Hermetica,7990,7990,1,1108018,electrolux,2025-12-29 22:02:33
2025-12-28 16:37:39,1586841147005-01,Mini Processador Amvox Triturador APR 1001 100W Vermelho 127V,9990,9990,1,71680,qcompra,2025-12-29 22:02:33
2025-12-28 16:25:11,1586831146998-01,Ar Condicionado Portátil HQ 10.500 BTUs Frio Monofásico Branco HQ-AP10500FW 127V,183222,183222,1,1282870,webcontinentalmktplace,2025-12-29 22:02:33
2025-12-28 16:23:24,1586831146997-01,Guarda Roupa Casal Hera Premium Com Espelho 8 Portas Moderna Naturalle/off White,148990,164990,1,2226262,webcontinentalmktplace,2025-12-29 22:02:34
2025-12-28 16:15:08,1586831146991-01,Escada Alumínio 3 Degraus Polipropileno Azul 005101 Mor,9990,14990,1,53800,minipreco,2025-12-29 22:02:34
2025-12-28 16:13:49,1586831146984-02,Suporte para violão/guitarra/contrabaixo g3s1 ask,9490,9490,1,2084079,loyalt,2025-12-29 22:02:34
2025-12-28 16:13:49,1586831146984-03,"Mochila Masculina Executiva Reforçada Para Trabalho, Viagem E Notebook 17`` Impermeável Usb - Mse - Cruzeiro Mse 8",11990,11990,1,2398177,webcontinentalmktplace,2025-12-29 22:02:34
2025-12-28 16:13:49,1586831146984-01,Ventilador de Coluna Britânia BVT450 Maxx Force 160W 220V,18990,36990,1,155224,Philco,2025-12-29 22:02:35
2025-12-28 16:12:18,1586831146982-01,Ventilador Prime Air 160W Grade de 48cm AVTE450 127V,20990,25990,1,714173,Philco,2025-12-29 22:02:35
2025-12-28 16:11:38,1586831146981-01,USADO Motorola Moto G52 128 GB Branco Bom,67900,67900,1,1281035,armazemcircular,2025-12-29 22:02:35
2025-12-28 16:03:00,1586831146973-01,Torradeira Elétrica Electrolux Inox Experience com 7 Níveis de Tostagem (ETS25) 127V,17990,31990,1,1107202,electrolux,2025-12-29 22:02:36
2025-12-28 16:02:15,1586831146969-01,Piscina Inflável 1400 Litros Redonda Splash Fun Mor,19251,19251,1,1654469,webcontinentalmktplace,2025-12-29 22:02:36
2025-12-28 16:01:59,1586831146968-01,Mala De Bordo ABS Para Viagem IKA Vanguard Cadeado Integrado Rodas Duplas 360º Branco P,21290,21290,1,1536678,webcontinentalmktplace,2025-12-29 22:02:36
2025-12-28 15:53:11,1586831146965-01,"WHEY 100% HD REFIL BLACK SKULL - 900G (WPC, WPI E WPH) REFIL WHEY 100% HD COOKIES 900G",13990,13990,1,768803,blackskullusa,2025-12-29 22:02:36
2025-12-28 15:52:04,1586831146963-02,Mesa para Computador Gamer em L 3 Gavetas Branco/Rustic Lisboa Madesa Cor:Branco/Rustic,57999,67999,1,1512106,madesacms,2025-12-29 22:02:36
2025-12-28 15:52:04,1586831146963-01,Luminária G Rgb Com Relógio Carregador Por Indução Abajur Inteligente E Caixa De Som - Branco,15990,15990,1,1174902,webcontinentalmktplace,2025-12-29 22:02:37
2025-12-28 15:52:04,1586831146963-01,Cadeira Office Eiffel Slim Com Base Giratória E Ajustável Branco,25999,28999,1,1953802,webcontinentalmktplace,2025-12-29 22:02:37
2025-12-28 15:51:01,1586831146962-01,Liquidificador Britânia Diamante Preto 900W 127V,9990,21990,1,1911,Philco,2025-12-29 22:02:37
2025-12-28 15:51:01,1586831146962-01,Ventilador Britânia BVT301 Tecnologia Maxx Force 60W 127V,9490,19990,1,155335,Philco,2025-12-29 22:02:37
2025-12-28 15:48:37,1586831146960-01,"Climatizador De Ar Oster Portátil 4 Em 1 5,3L 110V",46900,64990,1,1810218,webcontinentalmktplace,2025-12-29 22:02:37
2025-12-28 15:48:02,1586831146958-01,Kit Cadiveu Essentials Quartzo Shine Shampoo 250ml + Condicionador 250ml + Sérum 65ml,10990,10990,1,2332881,farmaciaindiana,2025-12-29 22:02:37
2025-12-28 15:48:02,1586831146959-01,Impressora Multifuncional HP Deskjet Ink Advantaje 2874 Preto Bivolt,55990,58990,1,743363,multilojaonline,2025-12-29 22:02:38
2025-12-28 15:27:36,1586821146956-01,Whey Protein Dux Nutrition Isolado Pote 450g Chocolate Branco,29511,29511,1,2034887,webcontinentalmktplace,2025-12-29 22:02:38
2025-12-28 15:23:52,1586821146955-01,Filtro Piscina Bomba Vazão 2.200 L-h Refil Mor 220V,27442,27442,1,1811772,webcontinentalmktplace,2025-12-29 22:02:38
2025-12-28 15:22:07,1586821146954-01,Climatizador Britânia 4 em 1 Autonomia de 26h BCL05A 220V,50990,52990,1,1268197,Philco,2025-12-29 22:02:38
2025-12-28 15:16:42,1586821146951-01,Caixa de Som Amplificada 800W Philco Ex Bass PCX6702 Bivolt,69990,175990,1,2281218,webcontinentalmktplace,2025-12-29 22:02:39
2025-12-28 15:08:16,1586821146950-01,Piscina Intex 6.503 Litros Estrutural Armação Com Filtro 110v Capa E Forro,164999,164999,1,1775840,webcontinentalmktplace,2025-12-29 22:02:39
2025-12-28 15:06:14,1586821146949-01,Ventilador Britânia 2 em 1 BVT400 Maxx Force 150W 220V,13490,20990,1,155222,Philco,2025-12-29 22:02:39
2025-12-28 15:04:28,1586821146948-01,Piscina Inflável Joy Set 4760 L Circular 300 Cm Com Filtro Capa Bomba Vg Plus 220v,60499,60499,1,2235657,webcontinentalmktplace,2025-12-29 22:02:39
2025-12-28 14:59:06,1586821146945-01,Ventilador de Coluna Britânia BVT450 Maxx Force 160W 127V,18990,36990,1,155224,Philco,2025-12-29 22:02:40
2025-12-28 14:44:44,1586821146939-01,Smart TV 40” Philco PTV40M9GACGB LED Android TV Dolby Audio Bivolt,159990,206990,1,1570013,Philco,2025-12-29 22:02:40
2025-12-28 14:41:23,1586821146935-02,Creatina Gummy Sabor Morango 90 Gomas,14990,14990,1,2126749,farmaconde,2025-12-29 22:02:40
2025-12-28 14:41:23,1586821146935-01,Potes Herméticos Electrolux de Plástico Branco Retangular com 10 Unidades,7990,15900,1,1108205,electrolux,2025-12-29 22:02:41
2025-12-28 14:41:23,1586821146935-03,Bicicleta 29 Aço 21 Marchas Freio A Disco Branco+preto,69900,69900,1,1103426,webcontinentalmktplace,2025-12-29 22:02:41
2025-12-28 14:36:44,1586821146933-01,Ventilador Britânia BVT301 Tecnologia Maxx Force 60W 127V,9490,19990,2,155335,Philco,2025-12-29 22:02:41
2025-12-28 14:26:37,1586811146929-02,Ventilador Britânia 2 em 1 BVT400 Maxx Force 150W 127V,13490,20990,2,155222,Philco,2025-12-29 22:02:41
2025-12-28 14:26:37,1586811146929-01,Jogo de Cama Queen 3pçs Estampado Vivaldi Preto UN,7999,17999,1,823170,rovitex,2025-12-29 22:02:42
2025-12-28 14:26:37,1586811146929-01,Jogo de Cama Chevron Queen Lar E Lazer Preto UN,6999,11499,1,1631709,rovitex,2025-12-29 22:02:42
2025-12-28 14:26:37,1586811146929-03,Ar Condicionado Portatil Mini Climatizador Umidificador De Mesa Refrigerador 3 Em 1 Purificador Ventilador Bivolt,9156,9156,1,1729340,webcontinentalmktplace,2025-12-29 22:02:42
2025-12-28 14:26:37,1586811146929-03,Mesa Tampo de Madeira com 6 Cadeiras Rustic Preto,83999,83999,1,889048,webcontinentalmktplace,2025-12-29 22:02:42
2025-12-28 14:21:11,1586811146921-01,Ventilador Britânia BVT301 Tecnologia Maxx Force 60W 127V,9490,19990,1,155335,Philco,2025-12-29 22:02:42
2025-12-28 14:14:42,1586811146919-01,Ar-Condicionado Janela 10000BTUs Philco Ciclo Frio PAJ10FH 127V,199990,249990,1,2464268,Philco,2025-12-29 22:02:42
2025-12-28 14:14:42,1586811146919-01,Ventilador Britânia 2 em 1 BVT400 Maxx Force 150W 127V,13490,20990,1,155222,Philco,2025-12-29 22:02:42
2025-12-28 14:12:42,1586811146918-01,Ventilador Britânia BVT301 Tecnologia Maxx Force 60W 127V,9490,19990,1,155335,Philco,2025-12-29 22:02:43
2025-12-28 14:09:47,1586811146917-01,Escova Secadora Argan Mondial ES-14-BI Bivolt,14990,14990,1,1129265,webcontinentalmktplace,2025-12-29 22:02:43
2025-12-28 14:08:28,1586811146916-01,Fritadeira Oster Oven Fryer 12L 3 Em 1 110V,63990,77990,1,1778154,webcontinentalmktplace,2025-12-29 22:02:43
2025-12-28 14:04:52,1586811146915-01,Painel para TV até 55 Polegadas 2 Portas Lets HB Móveis Cinamomo/Off White S/V,46590,58990,1,255086,multilojaonline,2025-12-29 22:02:43
2025-12-28 13:57:54,1586811146906-03,Headset Gamer Multiplataforma- Gorky Hs413 - Oexgame,7990,17800,1,26800,funstock,2025-12-29 22:02:44
2025-12-28 13:57:54,1586811146906-02,Phytoervas Sun-In Clareador e Hidratante Cabelo 120ml Clareador e Hidratante Phytoervas Sun-In Cabelo 120ml,2990,2990,1,835244,farmaciaindiana,2025-12-29 22:02:44
2025-12-28 13:57:54,1586811146906-01,Mouse Gamer Rolf 14 Botões Com Fio 10000DPI Warrior - MO420OUT [Remanufaturado] MO420OUT,21990,21990,1,2244863,compreja,2025-12-29 22:02:44
2025-12-28 13:55:40,1586811146905-01,Smartwatch Multi L2 Tela 1.83 Proteção IP67 Preto - WR202 WR202,29900,29900,1,791472,compreja,2025-12-29 22:02:44
2025-12-28 13:47:42,1586811146901-01,Air Fryer Britânia 5L Antiaderente Gold 1500W BAF45A 127V,25990,42990,1,1367850,Philco,2025-12-29 22:02:44
2025-12-28 13:39:18,1586811146889-01,Ventilador Britânia BVT301 Tecnologia Maxx Force 60W 127V,9490,19990,2,155335,Philco,2025-12-29 22:02:45
2025-12-28 13:28:17,1586801146885-01,Ventilador de mesa mondial turbo nvt408pb 40cm 8 pás 3 velocidades preto/prata,17091,18990,1,2044901,loyalt,2025-12-29 22:02:45
2025-12-28 13:26:11,1586801146883-01,Ventilador de Coluna Britânia BVT450 Maxx Force 160W 127V,18990,36990,1,155224,Philco,2025-12-29 22:02:45
2025-12-28 13:24:15,1586801146872-01,Geladeira Electrolux Frost Free 320L Duplex Branca (TF38) 127V,239900,339900,1,1957440,electrolux,2025-12-29 22:02:46
2025-12-28 13:22:27,1586801146867-01,Ventilador Britânia 2 em 1 BVT400 Maxx Force 150W 127V,13490,20990,1,155222,Philco,2025-12-29 22:02:46
2025-12-28 13:21:36,1586801146866-01,Ventilador Britânia BVT301 Tecnologia Maxx Force 60W 127V,9490,19990,1,155335,Philco,2025-12-29 22:02:46
2025-12-28 13:10:44,1586801146864-01,Aspirador de Pó Portátil para Carros Tramontina 60 W 12 V,10395,10395,1,848576,marinbrasil,2025-12-29 22:02:46
2025-12-28 13:10:11,1586801146863-01,Ventilador de Coluna Britânia BVT450 Maxx Force 160W 220V,21990,26990,1,155224,multilojaonline,2025-12-29 22:02:46
2025-12-28 13:05:01,1586801146859-01,Ventilador Britânia 2 em 1 BVT400 Maxx Force 150W 127V,13490,20990,1,155222,Philco,2025-12-29 22:02:47
2025-12-28 13:03:21,1586801146858-01,Rack com Painel para TV até 65 Polegadas com Pés Rustic Texas Madesa Cor:Rustic,43999,66990,1,390994,madesacms,2025-12-29 22:02:47
2025-12-28 13:01:10,1586801146857-01,Miniprocessador Cadence Mini Crush Preto 110V,11890,13990,1,2097914,webcontinentalmktplace,2025-12-29 22:02:47
2025-12-28 12:58:25,1586801146856-01,Ventilador Britânia BVT301 Tecnologia Maxx Force 60W 127V,9490,19990,1,155335,Philco,2025-12-29 22:02:47
2025-12-28 12:56:41,1586801146854-01,Ventilador de Coluna Britânia BVT450 Maxx Force 160W 127V,18990,36990,1,155224,Philco,2025-12-29 22:02:48
2025-12-28 12:53:46,1586801146853-01,Ventilador Britânia BVT301 Tecnologia Maxx Force 60W 127V,9490,19990,2,155335,Philco,2025-12-29 22:02:48
2025-12-28 12:52:32,1586801146852-01,Ventilador Britânia BVT301 Tecnologia Maxx Force 60W 127V,9490,19990,2,155335,Philco,2025-12-29 22:02:48
2025-12-28 12:39:32,1586801146847-01,Ventilador Coluna 30cm Com 6 Pás 127v Turbo 6 Ventisol,19990,19990,1,2272950,webcontinentalmktplace,2025-12-29 22:02:48
2025-12-28 12:37:57,1586801146846-01,Caixa de Som Amplificada 800W Philco Ex Bass PCX6702 Bivolt,69990,175990,1,1999733,Philco,2025-12-29 22:02:48
2025-12-28 12:36:20,1586801146845-01,Ventilador de Coluna Britânia BVT450 Maxx Force 160W 127V,18990,36990,1,155224,Philco,2025-12-29 22:02:49
2025-12-28 12:34:53,1586801146844-01,Ventilador Britânia BVT301 Tecnologia Maxx Force 60W 220V,9490,19990,1,155335,Philco,2025-12-29 22:02:49
2025-12-28 12:34:21,1586801146841-01,Aspirador Vertical com Fio Electrolux 1450W 2 em 1 Plus Filtro Hepa Azul  (STK14) 127V,18990,30990,1,1107270,electrolux,2025-12-29 22:02:49
2025-12-28 12:34:21,1586801146841-02,Climatizador Britânia 4 em 1 Autonomia de 26h BCL05A 127V,56090,56090,1,1268197,webcontinentalmktplace,2025-12-29 22:02:49
2025-12-28 12:34:21,1586801146841-02,Painel Para Tv Leme Com Rack Brazos Colibri Móveis Freijó,86000,152693,1,2170878,webcontinentalmktplace,2025-12-29 22:02:49
2025-12-28 12:29:45,1586791146840-01,Ventilador Philco Maxx Force Função Repelente 160W PVT402 110V,18990,21990,1,1833075,webcontinentalmktplace,2025-12-29 22:02:50
2025-12-28 12:27:08,1586791146838-01,Truss miracle summer - condicionador,7447,11999,1,2069079,loyalt,2025-12-29 22:02:50
2025-12-28 12:24:10,1586791146836-01,Ventilador de parede Ventisol 60CM 3 Pas 200W Preto Bivolt,29890,51000,1,4038,funstock,2025-12-29 22:02:50
2025-12-28 12:22:27,1586791146834-01,"Climatizador De Ar Cadence Compactar 8,4L 110V",37990,43990,1,1777999,webcontinentalmktplace,2025-12-29 22:02:51
2025-12-28 12:20:10,1586791146830-02,Ventilador Britânia BVT301 Tecnologia Maxx Force 60W 127V,9490,19990,2,155335,Philco,2025-12-29 22:02:51
2025-12-28 12:20:10,1586791146830-02,Aspirador Robô Philco Função MOP 400ml de capacidade PASE10 Bivolt,39990,48990,1,1420379,Philco,2025-12-29 22:02:51
2025-12-28 12:20:10,1586791146830-01,Balcão Multiuso 2 Portas Denver Aramóveis Branco S/V,15990,18990,1,454149,multilojaonline,2025-12-29 22:02:51
2025-12-28 12:13:00,1586791146817-01,"Extratora de sujeiras portátil wap spot cleaner w3 1450w 3 em 1 para tapetes, carpetes, estofados e colchões – cinza e roxo",59990,69290,1,2044877,loyalt,2025-12-29 22:02:51
2025-12-28 12:13:00,1586791146817-01,"Lavadora de alta pressão wap eco fit 2200 1500psi 1400w com jato de Água leque e concentrado, sistema stop total - amarelo/preta",41990,44900,1,2048171,loyalt,2025-12-29 22:02:51
2025-12-28 12:12:24,1586791146816-01,Ar-Condicionado Split 12000BTUs Prime Air Quente/Frio 12QC 220V,199990,254990,1,1999736,Philco,2025-12-29 22:02:51
2025-12-28 12:05:50,1586791146814-01,"Smartphone samsung galaxy a56 5g cinza 256gb 8gb ram, câmera tripla até 50mp, tela super amoled 6.7"", ip67, nfc, vídeo hdr e recursos ai",232809,288778,1,2046035,loyalt,2025-12-29 22:02:51
2025-12-28 11:54:56,1586791146813-01,Liquidificador Britânia Diamante Preto 900W 127V,9990,21990,1,1911,Philco,2025-12-29 22:02:52
2025-12-28 11:54:32,1586791146812-01,Ventilador Britânia BVT301 Tecnologia Maxx Force 60W 127V,9490,19990,1,155335,Philco,2025-12-29 22:02:53
2025-12-28 11:50:38,1586791146811-01,Ventilador de Coluna Britânia BVT450 Maxx Force 160W 220V,18990,36990,1,155224,Philco,2025-12-29 22:02:53
2025-12-28 11:50:38,1586791146811-01,Ventilador Britânia BVT301 Tecnologia Maxx Force 60W 220V,9490,19990,1,155335,Philco,2025-12-29 22:02:53
2025-12-28 11:49:43,1586791146810-01,Ventilador Britânia 2 em 1 BVT400 Maxx Force 150W 127V,13490,20990,1,155222,Philco,2025-12-29 22:02:53
2025-12-28 11:47:23,1586791146808-01,Ventilador Britânia BVT301 Tecnologia Maxx Force 60W 127V,9490,19990,2,155335,Philco,2025-12-29 22:02:54
2025-12-28 11:46:46,1586791146807-01,Ventilador de Coluna Britânia BVT450 Maxx Force 160W 127V,18990,36990,2,155224,Philco,2025-12-29 22:02:54
2025-12-28 11:35:29,1586791146801-01,Ventilador de Coluna Britânia BVT450 Maxx Force 160W 127V,18990,36990,1,155224,Philco,2025-12-29 22:02:54
2025-12-28 11:34:32,1586791146800-01,Panela elétrica de arroz electrolux easyline rcb50 7 xícaras - branca,18900,22990,1,2046318,loyalt,2025-12-29 22:02:55
2025-12-28 11:22:52,1586781146794-01,Ventilador de mesa/parede wap flow turbo com 8 pás e 3 velocidades 180w - preto e cinza,16990,21990,1,2044897,loyalt,2025-12-29 22:02:55
2025-12-28 11:22:42,1586781146793-01,Ventilador Britânia BVT301 Tecnologia Maxx Force 60W 220V,9490,19990,1,155335,Philco,2025-12-29 22:02:55
2025-12-28 11:22:25,1586781146791-01,Sabonete líquido facial mantecorp glycare,4989,6490,1,2069802,loyalt,2025-12-29 22:02:55
2025-12-28 11:22:25,1586781146791-02,Gel de Limpeza Facial Principia GL-03 200ml,3900,3900,1,2333258,farmaciaindiana,2025-12-29 22:02:55
2025-12-28 11:17:25,1586781146789-01,"Smart tv 50"" 4k samsung 50u8600f crystal hdr tizen alexa e xbox gaming",243900,299900,1,2046118,loyalt,2025-12-29 22:02:56
2025-12-28 11:13:52,1586781146771-01,Berço 3 em 1 para Colchão 60 x 130 cm Multimóveis Branco,44999,44999,1,1993016,multimoveis,2025-12-29 22:02:56
2025-12-28 11:13:20,1586781146768-03,Shampoo Palmolive Naturals Detox Energizante 350ml,1264,1287,1,1180036,pensefarma,2025-12-29 22:02:56
2025-12-28 11:13:20,1586781146768-03,Fio Dental Condor Menta 25M,1132,1152,1,2131519,pensefarma,2025-12-29 22:02:56
2025-12-28 11:13:20,1586781146768-01,Kit Sabonete em Barra Original Leve Mais Pague Menos - Dove - 6unid x 90g,2690,2990,1,149995,farmaciaindiana,2025-12-29 22:02:57
2025-12-28 11:13:20,1586781146768-01,NIVEA Sabonete Líquido Óleo de Banho 200ml Sabonete Líquido Nivea Natural Oil 200ml,3359,4490,1,833295,farmaciaindiana,2025-12-29 22:02:57
2025-12-28 11:13:20,1586781146768-01,Condicionador Dove Nutrição + Tri-óleos 370ml,3799,3799,1,1773986,farmaciaindiana,2025-12-29 22:02:57
2025-12-28 11:13:20,1586781146768-01,Shampoo Dove Nutrição + Tri-óleos 370ml,3169,3169,1,1789521,farmaciaindiana,2025-12-29 22:02:57
2025-12-28 11:13:20,1586781146768-01,Folhas Prontas P/ Depilação Facial Tradicional - Depi Roll - 16 Folhas,1599,1599,1,140257,farmaciaindiana,2025-12-29 22:02:57
2025-12-28 11:13:20,1586781146768-01,Gel de Limpeza Facial Principia Gl-01 Anti-oleosidade 350ml Principia Gel Limpeza Facial GL-01 Anti-Oleosidade 350ml,4900,4900,1,833365,farmaciaindiana,2025-12-29 22:02:57
2025-12-28 11:13:20,1586781146768-01,Desodorante Rexona Clinical Cream Classic 58g,2239,3299,1,852837,farmaciaindiana,2025-12-29 22:02:57
2025-12-28 11:13:20,1586781146768-01,Aparelho de Depilar Gilette Venus Suave Simply3 Sensitive 2 Unidades,1419,2299,1,727509,farmaciaindiana,2025-12-29 22:02:57
2025-12-28 11:13:20,1586781146768-01,Escova Cabelo Condor 6821,2749,2749,1,837007,farmaciaindiana,2025-12-29 22:02:57
2025-12-28 11:13:20,1586781146768-01,Sabonete Líquido Infantil Granado 500ml - Bebê Tradicional SAB LIQ INF GRANADO 500ML BEBE TRADICION,3569,4549,1,726960,farmaciaindiana,2025-12-29 22:02:57
2025-12-28 11:13:20,1586781146768-01,Tintura Imédia Excellence Permanente Sem Amônia 4U,3939,3939,1,405795,farmaciaindiana,2025-12-29 22:02:57
2025-12-28 11:13:20,1586781146768-01,Kit Dove Cachos Ativos + Biotina Shampoo 350ml + Condicionador 175ml,2999,2999,1,2118067,farmaciaindiana,2025-12-29 22:02:57
2025-12-28 11:13:20,1586781146768-01,Palito Para Unha Sveda Cuidados Duas Pontas 3 Unidades,349,349,1,847219,farmaciaindiana,2025-12-29 22:02:57
2025-12-28 11:13:20,1586781146768-02,Creme Dental Colgate Luminous c/ 3 Unidades + Enxaguante Bucal,2499,2799,1,726016,farmaconde,2025-12-29 22:02:57
2025-12-28 11:13:20,1586781146768-02,Creme de Pentear Texturas Reais Cacheados - Dove - 355ml,1869,2299,1,140592,farmaconde,2025-12-29 22:02:57
2025-12-28 11:13:20,1586781146768-02,Desodorante Rexona Clinical Masculino Clean 58g,2699,2699,1,1205098,farmaconde,2025-12-29 22:02:57
2025-12-28 11:13:20,1586781146768-02,Removedor de Esmalte Concare Frasco 80ml,399,755,1,1201976,farmaconde,2025-12-29 22:02:57
2025-12-28 11:13:01,1586781146767-01,Escova Secadora Britânia 4 em 1 BELLA01 1300W Bivolt Bivolt,11990,16990,1,229761,Philco,2025-12-29 22:02:57
2025-12-28 11:13:01,1586781146767-01,Prancha Britânia Bivolt Temperatura até 230° Bella BPRE01A Bivolt,11990,16990,1,1569978,Philco,2025-12-29 22:02:57
2025-12-28 11:12:58,1586781146766-01,Parafusadeira e furadeira wap wf12k3.2 bateria 12v bivolt,18990,22000,1,2046288,loyalt,2025-12-29 22:02:57
2025-12-28 11:10:22,1586781146765-01,Ventilador de Coluna Britânia BVT450 Maxx Force 160W 127V,18990,36990,1,155224,Philco,2025-12-29 22:02:57
2025-12-28 11:08:53,1586781146764-01,Ventilador de Parede Britânia BVT575 Maxx Force 6 Pás 176W 127V,20990,26990,1,671051,Philco,2025-12-29 22:02:58
2025-12-28 11:07:59,1586781146761-02,Jogo de Facas Tramontina Plenus Aço Inox e Cabos de Polipropileno Preto 04 Peças,3140,4990,1,708907,marinbrasil,2025-12-29 22:02:58
2025-12-28 11:07:59,1586781146761-01,"Panela de pressão tramontina 4,5 litros vancouver effect revestimento antiaderente starflon max preto",18990,26145,1,2046323,loyalt,2025-12-29 22:02:58
2025-12-28 11:07:59,1586781146761-03,Faqueiro Talheres Leme Inox 40 Peças Tramontina Preto,10484,10484,1,1662732,webcontinentalmktplace,2025-12-29 22:02:58
2025-12-28 11:07:55,1586781146760-01,"Climatizador De Ar Oster Portátil 4 Em 1 5,3L 110V",46900,64990,1,1810218,webcontinentalmktplace,2025-12-29 22:02:59
2025-12-28 11:05:28,1586781146757-01,Ventilador de Coluna Britânia BVT450 Maxx Force 160W 127V,18990,36990,1,155224,Philco,2025-12-29 22:02:59
2025-12-28 11:05:18,1586781146755-01,Cama Box Baú Casal Tecido Marrom Com Colchão Pillow Angel Bello Box Molas 62x138x188,129900,129900,1,1234813,webcontinentalmktplace,2025-12-29 22:02:59
2025-12-28 11:05:18,1586781146755-02,Ventilador de Parede Britânia BVT575 Maxx Force 6 Pás 176W 127V,20990,26990,1,671051,Philco,2025-12-29 22:02:59
2025-12-28 10:59:30,1586781146749-01,Patinete Elétrico Street com Autonomia de 25km Atrio - ES323M ES323M,179009,229000,1,1049769,compreja,2025-12-29 22:02:59
2025-12-28 10:49:37,1586781146736-01,Ar Condicionado Portátil HQ 10.500 BTUs Frio Monofásico Branco HQ-AP10500FW 127V,183222,183222,1,1282870,webcontinentalmktplace,2025-12-29 22:02:59
2025-12-28 10:49:28,1586781146735-01,Forno Elétrico 49L Britânia BFE49 Dupla Resistência 220V,39990,54990,1,155553,Philco,2025-12-29 22:03:00
2025-12-28 10:44:40,1586781146733-01,Cômoda Bebê Uli c/ 1 Porta Cristal e 4 Gavetas Branco - Peroba,56091,56091,1,1439090,webcontinentalmktplace,2025-12-29 22:03:00
2025-12-28 10:44:22,1586781146732-01,Ventilador de Coluna Britânia BVT450 Maxx Force 160W 220V,18990,36990,1,155224,Philco,2025-12-29 22:03:00
2025-12-28 10:40:46,1586781146731-01,Forno elétrico mondial line grand family ii frn-52 com 52 litros – preto,43895,49900,1,2046384,loyalt,2025-12-29 22:03:00
2025-12-28 10:40:20,1586781146730-01,"Celular motorola moto g15 tela 6.7"" 256gb 4g câmera 50mp grafite",79800,111000,1,2137850,loyalt,2025-12-29 22:03:01
2025-12-28 10:31:00,1586781146726-01,Ventilador Britânia BVT301 Tecnologia Maxx Force 60W 127V,9490,19990,1,155335,Philco,2025-12-29 22:03:01
2025-12-28 10:22:55,1586771146724-01,Varal De Chão Com Abas Retrátil Slim Mor,10621,10621,1,1379181,webcontinentalmktplace,2025-12-29 22:03:01
2025-12-28 10:21:34,1586771146723-01,Ventilador de Coluna Britânia BVT450 Maxx Force 160W 127V,18990,36990,1,155224,Philco,2025-12-29 22:03:01
2025-12-28 10:19:19,1586771146721-01,Micro-ondas Britânia 28L Branco Espelhado Limpa Fácil BMO30 110V,48990,58290,1,2074532,webcontinentalmktplace,2025-12-29 22:03:02
2025-12-28 10:19:07,1586771146720-01,Ventilador de coluna arno x-treme 9 40cm 160w silencioso preto e azul,45991,49990,1,2044929,loyalt,2025-12-29 22:03:02
2025-12-28 10:17:14,1586771146718-01,Ventilador Oscilante de Mesa Turbo 50cm Bronze 127V Premium Ventisol,17490,33400,1,811982,funstock,2025-12-29 22:03:02
2025-12-28 10:14:39,1586771146715-01,Ventilador Britânia 2 em 1 BVT400 Maxx Force 150W 127V,13490,20990,1,155222,Philco,2025-12-29 22:03:02
2025-12-28 10:11:37,1586771146711-01,Desodalina 60 Cápsulas Sanibras DESODALINA 60CPS SAN,5169,7999,2,742830,farmaconde,2025-12-29 22:03:03
2025-12-28 10:10:16,1586771146710-01,"Smart tv 32"" hd samsung h5000f sistema operacional tizen hdr purcolor",119900,146260,1,2046132,loyalt,2025-12-29 22:03:03
2025-12-28 10:00:15,1586771146706-01,Ventilador Britânia BVT301 Tecnologia Maxx Force 60W 127V,9490,19990,2,155335,Philco,2025-12-29 22:03:03
2025-12-28 09:50:32,1586771146700-01,Ventilador de Coluna Britânia BVT450 Maxx Force 160W 127V,18990,36990,1,155224,Philco,2025-12-29 22:03:03
2025-12-28 09:28:56,1586761146697-01,Ventilador Britânia BVT301 Tecnologia Maxx Force 60W 127V,9490,19990,1,155335,Philco,2025-12-29 22:03:03
2025-12-28 09:24:24,1586761146696-01,Cooktop Britânia BCT4P 4 bocas Bivolt,37990,42990,1,18190,Philco,2025-12-29 22:03:04
2025-12-28 09:14:53,1586761146694-01,Potes Herméticos Electrolux de Plástico Cinza Escuro Retangular com 8 Unidades,5990,7900,1,1108053,electrolux,2025-12-29 22:03:04
2025-12-28 09:04:08,1586761146692-01,Conjunto de travessas refratárias marinex em vidro - 10 peças,11990,13900,1,2135902,loyalt,2025-12-29 22:03:04
2025-12-28 09:03:44,1586761146691-01,Frigideira Antiaderente 3 Divisórias Ovo Hambúrguer Carne,5190,5190,1,1211114,webcontinentalmktplace,2025-12-29 22:03:05
2025-12-28 09:03:44,1586761146691-01,Kit Edredom Dallas Queen Dupla Face Microfibra 3 Peças - Rosa Matura Patchwork,15121,15121,1,1886405,webcontinentalmktplace,2025-12-29 22:03:05
2025-12-28 08:56:50,1586761146688-01,Carregador Portátil Power Bank 20000mAh Multi - CB174 CB174,14390,17990,1,1748187,compreja,2025-12-29 22:03:05
2025-12-28 08:56:50,1586761146688-02,Adaptador De Tomada 3 Saídas,1449,1499,1,1214083,farmaciaindiana,2025-12-29 22:03:05
2025-12-28 08:45:39,1586761146685-01,Monitor Gamer 24 1ms 180Hz IPS AMD FreeSync Full HD HDMI DP Frameless HQ Premium HQ24IP18,70900,70900,1,1728895,webcontinentalmktplace,2025-12-29 22:03:06
2025-12-28 08:01:13,1586751146681-01,Ventilador Britânia BVT301 Tecnologia Maxx Force 60W 220V,9490,19990,1,155335,Philco,2025-12-29 22:03:06
2025-12-28 07:15:31,1586741146675-01,Mixer Britânia BMX350P 350W Lâminas PRO MAXX 220V,7990,16990,1,910,Philco,2025-12-29 22:03:06
2025-12-28 07:09:30,1586741146674-01,Churrasqueira Montana,14990,14990,1,28741,webcontinentalmktplace,2025-12-29 22:03:06
2025-12-28 06:47:28,1586741146673-01,Soprador Térmico 2000w Com Maleta E Kit De Acessórios Evst Evald-110V,14342,14342,1,2260053,webcontinentalmktplace,2025-12-29 22:03:06
2025-12-28 06:34:27,1586741146668-01,Ventilador De Mesa Mondial Super Turbo 8 Pás 150w 50cm Preto E Prata Vtx-50-8p 127v,24333,24333,1,1028298,webcontinentalmktplace,2025-12-29 22:03:07
2025-12-28 05:08:19,1586721146666-01,"Celular motorola moto g15 tela 6.7"" 256gb 4g câmera 50mp grafite",79800,111000,1,2137850,loyalt,2025-12-29 22:03:07
2025-12-28 03:34:08,1586711146665-01,Ventilador Britânia BVT301 Tecnologia Maxx Force 60W 127V,9490,19990,2,155335,Philco,2025-12-29 22:03:07
2025-12-28 01:59:30,1586691146664-01,Ventilador de coluna arno x-treme 9 40cm 160w silencioso preto e azul,45991,57645,1,2044930,loyalt,2025-12-29 22:03:07
2025-12-28 01:26:46,1586681146663-01,Bicicleta Aro 29 Absolute Nero 5 Alumínio 24v Câmbios Shimano K7 Freio Hidráulico Garfo Comtrava Azul Tam: 19,169600,169600,1,2393872,webcontinentalmktplace,2025-12-29 22:03:08
2025-12-28 01:22:40,1586681146662-01,Keune care confident curl máscara,22590,32280,1,2074036,loyalt,2025-12-29 22:03:08
2025-12-28 00:42:19,1586681146659-01,Ventilador de Coluna Britânia BVT450 Maxx Force 160W 220V,18990,36990,1,155224,Philco,2025-12-29 22:03:08
2025-12-28 00:34:07,1586681146658-01,Ventilador Britânia BVT301 Tecnologia Maxx Force 60W 127V,9490,19990,2,155335,Philco,2025-12-29 22:03:08
2025-12-28 00:22:37,1586671146656-01,Ar-Condicionado Split  9000 BTU/h Prime Air 9FC Frio 220V,169990,249990,1,1811950,Philco,2025-12-29 22:03:09
2025-12-28 00:10:23,1586671146654-01,Babymed Pomada 45g Menino Cimed BABYMED POM 45G MENI,1017,1992,6,735167,pensefarma,2025-12-29 22:03:09
2025-12-28 00:10:23,1586671146654-01,Toalha Umedecida Marigold Premium Sensitive com 120 unidades,1187,1208,6,1160306,pensefarma,2025-12-29 22:03:09
2025-12-28 00:10:23,1586671146654-02,Shampoo TRESemmé Brilho Lamear - 650ml,2999,2999,1,366497,farmaconde,2025-12-29 22:03:09
